<record><leader>00000cas a22000007a 4500</leader><controlfield tag="001">15503834</controlfield><controlfield tag="008">870408d19871992inudr ne      0   a0eng d</controlfield><datafield ind1=" " ind2=" " tag="010"><subfield code="a">sn 87055776 </subfield></datafield><datafield ind1=" " ind2=" " tag="040"><subfield code="a">NPI</subfield><subfield code="b">eng</subfield><subfield code="c">NPI</subfield><subfield code="d">NSD</subfield><subfield code="d">NPI</subfield><subfield code="d">IUL</subfield><subfield code="d">NPI</subfield><subfield code="d">OCLCQ</subfield><subfield code="d">OCLCF</subfield><subfield code="d">OCLCO</subfield></datafield><datafield ind1=" " ind2=" " tag="012"><subfield code="m">d</subfield></datafield><datafield ind1="1" ind2=" " tag="022"><subfield code="a">0893-908X</subfield><subfield code="l">0893-908X</subfield><subfield code="2">1</subfield></datafield><datafield ind1="1" ind2=" " tag="029"><subfield code="a">AU@</subfield><subfield code="b">000020037758</subfield></datafield><datafield ind1=" " ind2=" " tag="042"><subfield code="a">msc</subfield><subfield code="a">nsdp</subfield></datafield><datafield ind1=" " ind2=" " tag="043"><subfield code="a">n-us-in</subfield></datafield><datafield ind1=" " ind2="0" tag="222"><subfield code="a">Anderson herald-bulletin</subfield></datafield><datafield ind1="0" ind2="0" tag="245"><subfield code="a">Anderson herald-bulletin.</subfield></datafield><datafield ind1=" " ind2=" " tag="260"><subfield code="a">Anderson, Ind. :</subfield><subfield code="b">Anderson Newspapers, Inc.,</subfield><subfield code="c">1987-1992.</subfield></datafield><datafield ind1=" " ind2=" " tag="300"><subfield code="a">6 v. :</subfield><subfield code="b">ill. ;</subfield><subfield code="c">58 cm.</subfield></datafield><datafield ind1=" " ind2=" " tag="310"><subfield code="a">Daily</subfield></datafield><datafield ind1="0" ind2=" " tag="362"><subfield code="a">Vol. 118, no. 1 (Apr. 5, 1987)-v. 123, no. 353 (June 6, 1992).</subfield></datafield><datafield ind1=" " ind2="0" tag="651"><subfield code="a">Anderson (Ind.)</subfield><subfield code="v">Periodicals.</subfield></datafield><datafield ind1=" " ind2="7" tag="655"><subfield code="a">Periodicals.</subfield><subfield code="2">fast</subfield><subfield code="0">(OCoLC)fst01411641</subfield></datafield><datafield ind1=" " ind2="7" tag="651"><subfield code="a">Indiana</subfield><subfield code="z">Anderson.</subfield><subfield code="2">fast</subfield><subfield code="0">(OCoLC)fst01203002</subfield></datafield><datafield ind1=" " ind2=" " tag="752"><subfield code="a">United States</subfield><subfield code="b">Indiana</subfield><subfield code="c">Madison</subfield><subfield code="d">Anderson.</subfield></datafield><datafield ind1="0" ind2="4" tag="780"><subfield code="t">Anderson herald (Anderson, Ind. : Daily)</subfield><subfield code="w">(DLC)sn 84045515</subfield><subfield code="w">(OCoLC)10345024</subfield></datafield><datafield ind1="0" ind2="4" tag="780"><subfield code="t">Anderson daily bulletin (Anderson, Ind. : 1918)</subfield><subfield code="w">(DLC)sn 86058346</subfield><subfield code="w">(OCoLC)13314571</subfield></datafield><datafield ind1="0" ind2="0" tag="785"><subfield code="t">Herald bulletin (Anderson, Ind.)</subfield><subfield code="x">1522-9475</subfield><subfield code="w">(DLC)sn 98005088</subfield></datafield></record>